@article {MR1469358,
    AUTHOR = {Yan, Jing-Ho and Lih, Ko-Wei and Kuo, David and Chang, Gerard J.},
     TITLE = {Signed degree sequences of signed graphs},
   JOURNAL = {J. Graph Theory},
  FJOURNAL = {Journal of Graph Theory},
    VOLUME = {26},
      YEAR = {1997},
    NUMBER = {2},
     PAGES = {111--117},
      ISSN = {0364-9024,1097-0118},
   MRCLASS = {05C99 (05C78)},
  MRNUMBER = {1469358},
MRREVIEWER = {Tian\ Xing\ Yao},
       DOI = {10.1002/(SICI)1097-0118(199710)26:2<111::AID-JGT6>3.3.CO;2-E},
       URL = {https://doi.org/10.1002/(SICI)1097-0118(199710)26:2<111::AID-JGT6>3.3.CO;2-E},
}
